

@article{Healy94,
        author = {Healy, Lulu   and Hoelzl, Reinhard   and Hoyles, Celia   and Noss, Richard  },
        journal = {Micromath},
        keywords = {messing-up},
        priority = {0},
        publisher = {Blackwell Journal Publishers},
        title = {Messing up},
        volume = {10},
        year = {1994}
}

@article{kuchemann10,
        author = {Dietmar Kuchemann},
        journal = {Pedagogies},
        keywords = {the importance of seeing structure},
        title = {Using patterns generically to see structure},
        volume = {5},
        issue  = 3,
        year = {2010}
}

@article{moore08,
author = {Elliot {Moore II} and Tristan T. Utschig and Kevin A. Haas and Benjamin Klein and P.D. Yoder and Ying Zhang and Monson H. Hayes},
title = {Tablet PC Technology for the Enhancement of Synchronous Distributed Education},
journal ={IEEE Transactions on Learning Technologies},
volume = {1},
issn = {1939-1382},
year = {2008},
pages = {105-116},
}

@article{dodero08,
author = {Juan Manuel Dodero and Ernie Ghiglione},
title = {ReST-Based Web Access to Learning Design Services},
journal ={IEEE Transactions on Learning Technologies},
volume = {1},
issn = {1939-1382},
year = {2008},
pages = {190-195},
}

@InProceedings{mathan03,
  author =	 {S. Mathan and K. Koedinger},
  title =	 {Recasting the Feedback Debate: Benefits of Tutoring
                  Error Detection and Correction Skills},
  booktitle =	 {Artificial Intelligence in Education: Shaping the
                  future of learning through intelligent technologies},
  pages =	 {13--18},
  year =	 2003,
  editor =	 {U. Hoppe and F. Verdejo and J. Kay}
}



@InProceedings{fiedler03,
  author =	 {A. Fiedler and D. Tsovaltzi},
  title =	 {Automating Hinting in an Intelligent Tutorial Dialog
                  System for Mathematics},
  booktitle =	 {Proceedings of the IJCAI 2003 Workshop on Knowledge
                  Representation and Automated Reasoning for
                  E-Learning Systems},
  year =	 2003,
  address =	 {Acapulco, Mexico}
}

@InProceedings{arroyo01,
  author =	 {I. Arroyo and J. Beck and C. Beal and R. Wing and
                  B. Woolf},
  title =	 {Analyzing students' response to help provision in an
                  elementary mathematics Intelligent Tutoring System},
  booktitle =	 {Papers of the AIED-2001 Workshop on Help Provision
                  and Help Seeking in Interactive Learning
                  Environments},
  pages =	 {34--46},
  year =	 2001,
  editor =	 {R. Luckin}
}


@Book{veermans03,
  author =	 {K. H. Veermans},
  title =	 {Intelligent support for discovery learning (PhD thesis)},
  publisher =	 {University of Twente Press},
  year =	 2003,
  address =	 {Enschede, The Netherlands}
}


@Article{dejong06,
  author = 	 {T. de Jong},
  title = 	 {Technological Advances in Inquiry Learning},
  journal = 	 {Science},
  year = 	 2006,
  number =	 312,
  pages =	 {532--533}
}


@InProceedings{cocea08,
  author =	 {M. Cocea and G. Magoulas},
  title =	 {Combining Intelligent Methods for Learner Modelling
                  in Exploratory Learning Environments},
  booktitle =	 {Proceedings of the International Workshop on
                  Combinations of Intelligent Methods and
                  Applications at ECAI-08},
  pages =	 {13--18},
  year =	 2008
}




@InProceedings{cocea08b,
  author =	 {M. Cocea and S. Gutierrez-Santos and G. Magoulas},
  title =	 {Challenges for Intelligent Support in Exploratory
                  Learning: the Case of {ShapeBuilder}},
  booktitle =	 {Proceedings of the International Workshop on
                  Intelligent Support for Exploratory Environments at
                  EC-TEL'08},
  year =	 2008
}



@InProceedings{thompson87,
  author =	 {P. W. Thompson},
  title =	 {Mathematical microworlds and intelligent
                  computer-assisted instruction},
  booktitle =	 {Artificial intelligence and instruction:
                  Applications and methods},
  year =	 {1987},
  pages =	 {83--109},
  address =	 {Boston, MA},
  publisher =	 {Addison-Wesley Longman Publishing Co., Inc.}
}


@InCollection{hoyles93,
  author =	 {C. Hoyles},
  title =	 {Microworlds/Schoolworlds: The transformation of an
                  innovation},
  booktitle =	 {Learning from computers: mathematics education and
                  technology},
  pages =	 {1--17},
  address =      {Berlin},
  publisher =	 {Springer-Verlag},
  year =	 {1993},
  editor =	 {C. Keitel and K. Ruthven}
}

@Book{hoyles89,
  author =	 {C. Hoyles and R. Sutherland},
  title =	 {Logo Mathematics in the Classroom},
  publisher =	 {Routledge},
  year =	 {1989}
}


@InProceedings{mavrikis08,
  author =	 {M. Mavrikis and E. Geraniou and R. Noss and
                  C. Hoyles},
  title =	 {Revisiting Pedagogic Strategies for Supporting
                  Students' Learning in Mathematical Microworlds},
  booktitle =	 {Proceedings of the International Workshop on
                  Intelligent Support for Exploratory Environments at
                  EC-TEL'08},
  year =	 2008
}


@InProceedings{kuchemann01,
  author =	 {D. K\"{u}chemann and C. Hoyles},
  booktitle =	 {PME XXV},
  pages =	 {257--264},
  title =	 {Investigating factors that influence students'
                  mathematical reasoning},
  volume =	 {3},
  year =	 {2001}
}


@article{healy00,
  author =	 {Lulu Healy and Celia Hoyles},
  journal =	 {Journal for Research in Mathematics Education},
  month =	 {July},
  number =	 {4},
  pages =	 {396--428},
  title =	 {A Study of Proof Conceptions in Algebra},
  volume =	 {31},
  year =	 {2000}
}


@book{mason05,
  author =	 {John Mason and Alan Graham and Sue Johnston-Wilder},
  title =	 {Developing Thinking in Algebra},
  publisher =	 {Paul Chapman Publishing},
  year =	 {2005}
}


@InProceedings{geraniou09,
  author =	 {E. Geraniou and M. Mavrikis and R. Noss and
                  C. Hoyles},
  title =	 {A learning environment to support mathematical
                  generalisation in the classroom},
  booktitle =	 {Proceedings of CERME 6},
  year =	 2009,
  address =	 {Lyon, France}
}


@InCollection{lesh96,
  author =	 {R. Lesh and A. E. Kelly},
  title =	 {A constructivist model for redesigning {AI} tutors
                  in mathematics},
  booktitle =	 {Intelligent learning environments: The case of
                  geometry},
  publisher =	 {Springer Verlag},
  year =	 1996,
  editor =	 {J. Laborde},
  address =	 {New York}
}

@InProceedings{gutierrez08,
  author =	 {S. Gutierrez and M. Mavrikis and D. Pearce},
  title =	 {A Learning Environment for Promoting Structured
                  Algebraic Thinking in Children},
  booktitle =	 {Proceedings of ICALT},
  year =	 2008,
  pages = {74--76},
  address =	 {Santander, Spain}
}


@InProceedings{gutierrez10,
  author = 	 {S. Gutierrez-Santos and M. Cocea and G. Magoulas},
  title = 	 {A case-based reasoning approach to provide adaptive feedback in microworlds},
  booktitle = 	 {Proceedings of Intelligent Tutoring Systems (ITS 2010)},
  year =	 2010,
  pages =	 {330--333},
}


@InProceedings{Pearce08,
  author =	 {D. Pearce and E. Geraniou and M. Mavrikis
                  S. Gutierrez-Santos and K. Kahn},
  title =	 {Using Pattern Construction and Analysis in an
                  Exploratory Learning Environment for Understanding
                  Mathematical Generalisation: The Potential for
                  Intelligent Support},
  booktitle =	 {Proceedings of the first International Workshop on
                  Intelligent Support for Exploratory Environments
                  held in conjunction with the EC-TEL’08},
  year =	 2008
}



@article{noss09,
  author =	 {R. Noss and C. Hoyles and M. Mavrikis and
                  E. Geraniou and S. Gutierrez-Santos and D. Pearce},
  title =	 {Broadening the sense of `dynamic': a microworld to
                  support students' mathematical generalisation},
  journal =	 {The International Journal on Mathematics Education
                  (ZDM)},
  year =	 2009,
  volume =	 41,
  number =	 4,
  pages =        {493--503},
  editor =	 {Stephen Hegedus and Luis Moreno-Armella},
  publisher =	 "Springer"
}


@Book{noss96,
  author =	 {R. Noss and C. Hoyles},
  title = 	 {Windows on Mathematical Meanings},
  publisher = 	 {Kluwer Academic Publishers},
  year = 	 1996,
  address =	 {The Netherlands}
}


@InBook{fielding00,
  author =	 {Roy T. Fielding},
  title =	 {Architectural styles and the design of network-based
                  software architectures},
  chapter =	 {Representational State Transfer (REST) (Chapter 5)},
  publisher =	 {Irvine},
  year =	 2000,
  address =	 {University of California},
  note =	 {PhD Thesis}
}


@Book{harel91,
  editor =	 {I. Harel and S. Papert},
  title = 	 {Constructionism},
  publisher = 	 {Ablex Publishing Corporation},
  year = 	 1991,
  address =	 {Norwood, NJ}
}

@Article{mazza07,
  author =	 {Riccardo Mazza and Vania Dimitrova},
  title =	 {{CourseVis}: A graphical student monitoring tool for
                  supporting instructors in web-based distance
                  courses},
  journal =	 {International Journal of Man-Machine Studies},
  year =	 2007,
  volume =	 65,
  number =	 2,
  pages =	 {125--139}
}

@InProceedings{Hoidn2010,
  author =	 {Sabine Hoidn},
  title =	 {Critical exploration in the university classroom},
  booktitle = {Int. Conf. on Education, Economy and Society},
  year =	 2010,
}

@InProceedings{Mulholland09,
  author =	 {Paul Mulholland and Trevor Collins and Mark Gaved and Michael Wright and Mike Sharples and Chris Greenhalgh and Cindy Kerawalla and Eileen Scanlon and Karen Littleton},
  title =	 {Activity Guide: An Approach to Scripting Inquiry Learning},
  booktitle = {Int. Workshop on Intelligent Support for Exploratory Environments, in Artificial Intelligence in Education (AIEd'09)},
  year =	 2009,
}


@Book{mazza04,
  author =	 {Riccardo Mazza},
  title =	 {Using Information Visualisation to Facilitate 
              Instructors in Web-based Distance Learning}, 
  publisher = {PhD thesis, Univ. of Lugano},
  year =	 2004,
}


@InProceedings{bennaim08,
  author =	 {Dror Ben-Naim and Nadine Marcus and Mike Bain},
  title =	 {Visualization and Analysis of Student Interactions
                  in an Exploratory Learning Environment},
  booktitle =	 {Proceedings of the 1st International Workshop on
                  Intelligent Support for Exploratory Environments
                  (part of ECTEL 2008)},
  year =	 2008
}


@InProceedings{gueraud09,
  author =	 {Viviane Gueraud and Anne Lejeune and Jean-Michel
                  Adam and Michel Dubois and Nadine Mandran},
  title =	 {Supervising Distant Simulation-Based Practical Work: Environment and Experimentation},
  booktitle =	 {Proceedings of ECTEL 2009},
  pages =	 {602--608},
  year =	 2009
}


@InProceedings{gueraud09b,
  author =	 {Viviane Gueraud and Jean-Michel Adam and Anne
                  Lejeune and Michel Dubois and Nadine Mandran},
  title =	 {Teachers need support too: FORMID-Observer, a
                  Flexible Environment for Supervising
                  Simulation-Based Learning Situations},
  booktitle =	 {Proceedings of the 2nd International Workshop on
                  Intelligent Support for Exploratory Environments
                  (part of AIED 2009)},
  pages =	 {19--28},
  year =	 2009
}



@InProceedings{Pearce09,
  author =	 {D. Pearce and A. Poulovassilis},
  title =	 {The Conceptual and Architectural Design of a System
                  Supporting Exploratory Learning of Mathematics
                  Generalisation},
  booktitle =	 {In Proceedings of the 4th European Conference on
                  Technology Enhanced Learning (EC-TEL)},
  year =	 2009,
  pages =        {22--36},
  address =	 {Nice, France}
}

@InProceedings{Pearce10,
  author =	 {D. Pearce-Lazard and A. Poulovassilis and E. Geraniou},
  title =	 {The Design of Teacher Assistance Tools in an Exploratory Learning 
                  Environment for Mathematics Generalisation},
  booktitle =	 {In Proceedings of the 5th European Conference on
                  Technology Enhanced Learning (EC-TEL)},
  year =	 2010,
  pages =        {260--275},
  address =	 {Barcelona, Spain}
}

@TechReport{mavrikis10,
  author =	 {M. Mavrikis and S. Gutierrez-Santos and
                  D. Pearce-Lazard and A. Poulovassilis and
                  G. Magoulas},
  title =	 {Learner Modelling in Microworlds: conceptual model
                  and architecture in {MiGen}},
  institution =	 {Birkbeck College, University of London},
  year =	 2010,
  number =	 {BBKCS-10-04},
  month =	 {April},
  note =	 {Available at \url{http://www.dcs.bbk.ac.uk//research/techreps/2010/}}
}


@InProceedings{wichmann09,
  author =	 {A. Wichmann and A. Giemza and M. Krau\ss and
                  H. U. Hoppe},
  title =	 {Effects of awareness support on moderating multiple
                  parallel e-discussions},
  booktitle =	 {Proceedings of the 8th International Conference on
                  Computer Supported Collaborative Learning (CSCL
                  2009)},
  pages =	 {646--650},
  year =	 2009,
  address =	 {Rhodes, Greece},
  month =	 {June}
}

@InProceedings{mavrikis10b,
  author =	 {Manolis Mavrikis and Sergio Gutierrez-Santos and Eirini Geraniou},
  title =	 {Facilitating Effective Exploratory Interaction: Design and Evaluation of Intelligent Support in MiGen},
  booktitle = {Proceedings of the European Conference on Technology-Enhanced Learning (EC-TEL)},
  pages =	 {548--553},
  year =	 2010,
}

@inproceedings{AIMSA,
  author    = {Sergio Gutierrez-Santos and Manolis Mavrikis and George D. Magoulas},
  title     = {Sequence Detection for Adaptive Feedback Generation in an
               Exploratory Environment for Mathematical Generalisation},
  booktitle = {Proceedings of the Conference on Artificial Intelligence:
Methodology, Systems, Applications (AIMSA)},
  year      = {2010},
  pages     = {181-190},
}

@inproceedings{Radford06,
    author = {Radford, L. and Bardini, C. and Sabena, C.},
    booktitle = {Proceedings of the 30th Conference of the International Group for the Psychology of Mathematics Education},
    editor = {Novotn\'{a}, Jarmila and Moraov\'{a}, Hana and Kr\'{a}tk\'{a}, Magdalena and Stehl\'{\i}kov\'{a}, Na\v{d}a},
    keywords = {mathematical-generalisation, rhythm, semiotics},
    pages = {393--400},
    title = {Rhythm and the grasping of the general},
    volume = {4},
    year = {2006}
}

@Article{MiGen-achival,
  author = 	     {Richard Noss and Alexandra Poulovassilis and Eirini Geraniou and Sergio Gutierrez-Santos and Celia Hoyles and Ken Kahn and George Magoulas and Manolis Mavrikis},
  title = 	     {The design of a system to support exploratory learning of algebraic generalisation},
  journal =      {Computers and Education},
  year = 	     {(in press)}}

